

@book{Fisher1993,
  title = {Statistical {{Analysis Spherical Data}}},
  author = {Fisher/Lewis/Embleton},
  year = {1993},
  month = aug,
  edition = {Reprint edition},
  publisher = {{Cambridge University Press}},
  address = {{Cambridge}},
  isbn = {978-0-521-45699-9},
  language = {English}
}






@article{Martin1999,
  title = {Hoek-{{Brown}} Parameters for Predicting the Depth of Brittle Failure around Tunnels},
  author = {Martin, C D and Kaiser, P K and McCreath, D R},
  year = {1999},
  month = aug,
  volume = {36},
  pages = {136--151},
  issn = {0008-3674, 1208-6010},
  doi = {10.1139/t98-072},
  journal = {Canadian Geotechnical Journal},
  language = {en},
  number = {1}
}





@article{Tang2018,
  title = {The Effect of Heterogeneity on Hydraulic Fracturing in Shale},
  author = {Tang, Haoyu and Li, Sanbai and Zhang, Dongxiao},
  year = {2018},
  month = mar,
  volume = {162},
  pages = {292--308},
  issn = {0920-4105},
  doi = {10.1016/j.petrol.2017.12.020},
  journal = {Journal of Petroleum Science and Engineering},
  keywords = {Geostatistics,Heterogeneity,Hydraulic fracturing simulation,Shale gas development},
  language = {en}
}




@article{Herget1973,
  title = {Variation of Rock Stresses with Depth at a {{Canadian}} Iron Mine},
  author = {Herget, G.},
  year = {1973},
  month = jan,
  volume = {10},
  pages = {37--51},
  issn = {0148-9062},
  doi = {10.1016/0148-9062(73)90058-2},
  journal = {International Journal of Rock Mechanics and Mining Sciences \& Geomechanics Abstracts},
  language = {en},
  number = {1}
}




@article{Oda1986a,
  title = {An Equivalent Continuum Model for Coupled Stress and Fluid Flow Analysis in Jointed Rock Masses},
  author = {Oda, Masanobu},
  year = {1986},
  volume = {22},
  pages = {1845--1856},
  issn = {1944-7973},
  doi = {10.1029/WR022i013p01845},
  annotation = {\_eprint: https://agupubs.onlinelibrary.wiley.com/doi/pdf/10.1029/WR022i013p01845},
  journal = {Water Resources Research},
  language = {en},
  number = {13}
}




@article{Bonnet2001,
  ids = {zotero-1876},
  title = {Scaling of Fracture Systems in Geological Media},
  author = {Bonnet, E. and Bour, O. and Odling, N. E. and Davy, P. and Main, I. and Cowie, P. and Berkowitz, B.},
  year = {2001},
  volume = {39},
  pages = {347--383},
  issn = {1944-9208},
  doi = {10.1029/1999RG000074},
  copyright = {Copyright 2001 by the American Geophysical Union.},
  journal = {Reviews of Geophysics},
  language = {en},
  number = {3}
}




@article{Rutqvist2013,
  title = {Linked Multicontinuum and Crack Tensor Approach for Modeling of Coupled Geomechanics, Fluid Flow and Transport in Fractured Rock},
  author = {Rutqvist, Jonny and Leung, Colin and Hoch, Andrew and Wang, Yuan and Wang, Zhen},
  year = {2013},
  month = feb,
  volume = {5},
  pages = {18--31},
  issn = {1674-7755},
  doi = {10.1016/j.jrmge.2012.08.001},
  journal = {Journal of Rock Mechanics and Geotechnical Engineering},
  keywords = {Crack tensor,Fluid flow,Fractured rock,Modeling,Multicontinuum,Stress},
  language = {en},
  number = {1}
}




@article{Min2004a,
  title = {Stress-Dependent Permeability of Fractured Rock Masses: A Numerical Study},
  shorttitle = {Stress-Dependent Permeability of Fractured Rock Masses},
  author = {Min, Ki-Bok and Rutqvist, J. and Tsang, Chin-Fu and Jing, Lanru},
  year = {2004},
  month = oct,
  volume = {41},
  pages = {1191--1210},
  issn = {1365-1609},
  doi = {10.1016/j.ijrmms.2004.05.005},
  journal = {International Journal of Rock Mechanics and Mining Sciences},
  keywords = {Channeling,Discrete fracture network,Distinct element method,Fractured rock,Stress-dependent permeability},
  language = {en},
  number = {7}
}


@article{Min2003,
  title = {Numerical Determination of the Equivalent Elastic Compliance Tensor for Fractured Rock Masses Using the Distinct Element Method},
  author = {Min, Ki-Bok and Jing, Lanru},
  year = {2003},
  month = sep,
  volume = {40},
  pages = {795--816},
  issn = {1365-1609},
  doi = {10.1016/S1365-1609(03)00038-8},
  journal = {International Journal of Rock Mechanics and Mining Sciences},
  language = {en},
  number = {6}
}


@article{Min2004,
  title = {Determining the Equivalent Permeability Tensor for Fractured Rock Masses Using a Stochastic {{REV}} Approach: {{Method}} and Application to the Field Data from {{Sellafield}}, {{UK}}},
  shorttitle = {Determining the Equivalent Permeability Tensor for Fractured Rock Masses Using a Stochastic {{REV}} Approach},
  author = {Min, Ki-Bok and Jing, Lanru and Stephansson, Ove},
  year = {2004},
  month = oct,
  volume = {12},
  pages = {497--510},
  issn = {1435-0157},
  doi = {10.1007/s10040-004-0331-7},
  journal = {Hydrogeology Journal},
  keywords = {Discrete Fracture Network (DFN),Equivalent continuum approach,Fractured rocks,Permeability tensor,Representative Elementary Volume (REV)},
  language = {en},
  number = {5}
}







@article{Kohl1995,
  title = {Coupled Hydraulic, Thermal and Mechanical Considerations for the Simulation of Hot Dry Rock Reservoirs},
  author = {Kohl, T. and Evansi, K. F. and Hopkirk, R. J. and Rybach, L.},
  year = {1995},
  month = jun,
  volume = {24},
  pages = {345--359},
  issn = {0375-6505},
  doi = {10.1016/0375-6505(95)00013-G},
  journal = {Geothermics},
  keywords = {finite elements,Geothermal reservoirs,hot dry rock,modelling},
  language = {en},
  number = {3},
  series = {Hot {{Dry Rock}} ({{HDR}}) {{Reservoir Modelling Activities}} within {{Europe}}}
}





@article{Malik2021,
  title = {Determination of Initial Stress Tensor from Deformation of Underground Opening in Excavation Process},
  author = {Mal{\'{\i}}k, Josef and Kolcun, Alexej},
  year = {2021},
  journal = {Application of Mathematics},
  number = {in review}
}




@book{Carman1956,
  title = {Flow of Gases through Porous Media.},
  author = {Carman, Philip Crosbie},
  year = {1956},
  publisher = {{Academic Press}},
  address = {{New York}},
  annotation = {OCLC: 11265868},
  language = {English}
}






@book{Lemaitre1992,
  title = {A {{Course}} on {{Damage Mechanics}}},
  author = {Lemaitre, Jean},
  year = {1992},
  publisher = {{Springer-Verlag}},
  address = {{Berlin Heidelberg}},
  doi = {10.1007/978-3-662-02761-5},
  isbn = {978-3-662-02761-5},
  language = {en}
}




@article{Carranza-Torres1999,
  title = {The Elasto-Plastic Response of Underground Excavations in Rock Masses That Satisfy the {{Hoek}}\textendash{{Brown}} Failure Criterion},
  author = {{Carranza-Torres}, C. and Fairhurst, C.},
  year = {1999},
  month = sep,
  volume = {36},
  pages = {777--809},
  issn = {1365-1609},
  doi = {10.1016/S0148-9062(99)00047-9},
  journal = {International Journal of Rock Mechanics and Mining Sciences},
  language = {en},
  number = {6}
}




@book{Neto2011,
  title = {Computational {{Methods}} for {{Plasticity}}: {{Theory}} and {{Applications}}},
  shorttitle = {Computational {{Methods}} for {{Plasticity}}},
  author = {Neto, Eduardo A. de Souza and Peric, Djordje and Owen, David R. J.},
  year = {2011},
  month = sep,
  publisher = {{John Wiley \& Sons}},
  googlebooks = {21Q0oLGFZuoC},
  isbn = {978-1-119-96454-4},
  keywords = {Science / Mechanics / General,Technology \& Engineering / Manufacturing},
  language = {en}
}




@book{Brady2006,
  title = {Rock {{Mechanics}}: {{For}} Underground Mining},
  shorttitle = {Rock {{Mechanics}}},
  author = {Brady, Barry H. G. and Brown, E. T.},
  year = {2006},
  edition = {Third},
  publisher = {{Springer Netherlands}},
  doi = {10.1007/978-1-4020-2116-9},
  isbn = {978-1-4020-2064-3},
  language = {en}
}




@book{Zang2010,
  title = {Stress {{Field}} of the {{Earth}}'s {{Crust}}},
  author = {Zang, Arno and Stephansson, Ove},
  year = {2010},
  month = feb,
  edition = {2010th edition},
  publisher = {{Springer}},
  address = {{Dordrecht}},
  isbn = {978-1-4020-8443-0},
  language = {English}
}




@book{Goel2011,
  title = {Engineering {{Rock Mass Classification}}: {{Tunnelling}}, {{Foundations}} and {{Landslides}}},
  shorttitle = {Engineering {{Rock Mass Classification}}},
  author = {Goel, R. K. and Singh, Bhawani},
  year = {2011},
  month = jul,
  edition = {1st edition},
  publisher = {{Butterworth-Heinemann}},
  isbn = {978-0-12-810364-7},
  language = {English}
}




@book{Desai1984,
  title = {Constitutive {{Laws}} for {{Engineering Materials}}, with {{Emphasis}} on {{Geologic Materials}}},
  author = {Desai, Chandrakant S. and Siriwardane, Hema J.},
  year = {1984},
  publisher = {{Prentice-Hall}},
  googlebooks = {\_AaSQgAACAAJ},
  isbn = {978-0-13-167940-5},
  language = {en}
}




@incollection{Rutqvist2004,
  title = {Analyses of {{Coupled Hydrological}}-{{Mechanical Effects During Drilling}} of the {{FEBEX Tunnel}} at {{Grimsel}}},
  booktitle = {Coupled {{Thermo}}-{{Hydro}}-{{Mechanical}}-{{Chemical Processes}} in {{Geo}}-{{Systems}}},
  author = {Rutqvist, J. and Rejeb, A. and Tijani, M. and Tsang, C.-F.},
  editor = {Stephanson, Ove},
  year = {2004},
  volume = {2},
  pages = {131--136},
  publisher = {{Elsevier}},
  issn = {1571-9960},
  doi = {10.1016/S1571-9960(04)80030-2},
  series = {Elsevier {{Geo}}-{{Engineering Book Series}}}
}




@techreport{Stas2016,
  title = {Study of the Stress Conditions and Internal Anisotropy in an Environment of Granitic Rocks},
  author = {Sta{\v s}, Lubom{\'i}r and Mal{\'i}k, Josef and Kolcun, Alexej and Kohut, Roman and Kal{\'a}b, Tom{\'a}{\v s} and Fran{\v e}k, Jan and Bukovsk{\'a}, Zita and Verner, Kry{\v s}tof and Buri{\'a}nek, David},
  year = {2016},
  month = dec,
  institution = {{Institute of Geonics v.v.i., CAS Ostrava}},
  language = {English},
  number = {120/2017},
  type = {Annual Report}
}




@article{Krietsch2019,
  title = {Stress {{Measurements}} for an {{In Situ Stimulation Experiment}} in {{Crystalline Rock}}: {{Integration}} of {{Induced Seismicity}}, {{Stress Relief}} and {{Hydraulic Methods}}},
  shorttitle = {Stress {{Measurements}} for an {{In Situ Stimulation Experiment}} in {{Crystalline Rock}}},
  author = {Krietsch, Hannes and Gischig, Valentin and Evans, Keith and Doetsch, Joseph and Dutler, Nathan Oliver and Valley, Beno{\^i}t and Amann, Florian},
  year = {2019},
  month = feb,
  volume = {52},
  pages = {517--542},
  issn = {0723-2632},
  doi = {10.1007/s00603-018-1597-8},
  journal = {Rock Mechanics and Rock Engineering},
  keywords = {Hydraulic fracturing,Integration of stress relief and hydraulic methods,Overcoring,Stress inversion,Transversely isotropic media}
}






@article{Blaheta2013a,
  title = {Analysis of {{\"Asp\"o Pillar Stability Experiment}}: {{Continuous}} Thermo-Mechanical Model Development and Calibration},
  shorttitle = {Analysis of {{\"Asp\"o Pillar Stability Experiment}}},
  author = {Blaheta, R. and Byczanski, P. and {\v C}erm{\'a}k, M. and Hrtus, R. and Kohut, R. and Kolcun, A. and Mal{\'i}k, J. and Sysala, S.},
  year = {2013},
  month = apr,
  volume = {5},
  pages = {124--135},
  issn = {1674-7755},
  doi = {10.1016/j.jrmge.2012.10.002},
  journal = {Journal of Rock Mechanics and Geotechnical Engineering},
  keywords = {Continuous mechanics,Damage of granite rocks,Finite element method (FEM),In situ pillar stability experiment,Model calibration by back analysis},
  language = {en},
  number = {2}
}





@article{Carrier2003,
  title = {Goodbye, {{Hazen}}; {{Hello}}, {{Kozeny}}-{{Carman}}},
  author = {{Carrier W. David}},
  year = {2003},
  month = nov,
  volume = {129},
  pages = {1054--1056},
  publisher = {{American Society of Civil Engineers}},
  doi = {10.1061/(ASCE)1090-0241(2003)129:11(1054)},
  journal = {Journal of Geotechnical and Geoenvironmental Engineering},
  number = {11}
}



@article{millington_quirk,
  title={Permeability of porous solids},
  author={Millington, RJ and Quirk, JP},
  journal={Transactions of the Faraday Society},
  volume={57},
  pages={1200--1207},
  year={1961},
  publisher={Royal Society of Chemistry}
}

@book{Pusch2008,
  title = {Geological {{Storage}} of {{Highly Radioactive Waste}}: {{Current Concepts}} and {{Plans}} for {{Radioactive Waste Disposal}}},
  shorttitle = {Geological {{Storage}} of {{Highly Radioactive Waste}}},
  author = {Pusch, Roland},
  year = {2008},
  publisher = {{Springer-Verlag}},
  address = {{Berlin Heidelberg}},
  doi = {10.1007/978-3-540-77333-7},
  isbn = {978-3-540-77332-0},
  language = {en}
}




@article{Dreuzy2012,
  title = {Influence of Fracture Scale Heterogeneity on the Flow Properties of Three-Dimensional Discrete Fracture Networks ({{DFN}})},
  author = {de Dreuzy, J.-R. and M{\'e}heust, Y. and Pichot, G.},
  year = {2012},
  volume = {117},
  issn = {2156-2202},
  doi = {10.1029/2012JB009461},
  annotation = {\_eprint: https://agupubs.onlinelibrary.wiley.com/doi/pdf/10.1029/2012JB009461},
  copyright = {\textcopyright 2012. American Geophysical Union. All Rights Reserved.},
  journal = {Journal of Geophysical Research: Solid Earth},
  keywords = {fracture networks,permeability upscaling},
  language = {en},
  number = {B11}
}




@article{Hoek2002,
  title = {{{HOEK}}-{{BROWN FAILURE CRITERION}} \textendash{} 2002 {{EDITION}}},
  author = {Hoek, Evert and {Carranza-Torres}, Carlos and Corkum, Brent},
  pages = {7},
  language = {en},
  year={2002}
}


@article{Shao2005,
  title = {Coupling between Anisotropic Damage and Permeability Variation in Brittle Rocks},
  author = {Shao, J.F. and Zhou, H. and Chau, K.T.},
  year = {2005},
  volume = {29},
  pages = {1231--1247},
  doi = {10.1002/nag.457},
  journal = {International Journal for Numerical and Analytical Methods in Geomechanics},
  keywords = {Brittle rocks,Damage models,Granite,Induced anisotropy,Microcracks,Permeability change},
  number = {12}
}


@article{Snow1969,
  ids = {SnowDavidT.2010},
  title = {Anisotropie {{Permeability}} of {{Fractured Media}}},
  author = {Snow, David T.},
  year = {1969},
  month = dec,
  volume = {5},
  pages = {1273--1289},
  issn = {00431397},
  doi = {10.1029/WR005i006p01273},
  journal = {Water Resources Research},
  language = {en},
  number = {6}
}






@book{Snow1965,
  title = {A {{Parallel Plate Model}} of {{Fractured Permeable Media}}},
  author = {Snow, David Tunison},
  year = {1965},
  publisher = {{University of California, Berkeley}},
  googlebooks = {fS7ctwAACAAJ},
  language = {en}
}


@article{Martin1999,
  title = {Hoek-{{Brown}} Parameters for Predicting the Depth of Brittle Failure around Tunnels},
  author = {Martin, C D and Kaiser, P K and McCreath, D R},
  year = {1999},
  month = aug,
  volume = {36},
  pages = {136--151},
  issn = {0008-3674, 1208-6010},
  doi = {10.1139/t98-072},
  journal = {Canadian Geotechnical Journal},
  language = {en},
  number = {1}
}



@article{Diederichs2007,
  title = {The 2003 {{Canadian}} Geotechnical Colloquium: {{Mechanistic}} Interpretation and Practical Application of Damage and Spalling Prediction Criteria for Deep Tunnelling},
  shorttitle = {The 2003 {{Canadian}} Geotechnical Colloquium},
  author = {Diederichs, M.S.},
  year = {2007},
  volume = {44},
  pages = {1082--1116},
  doi = {10.1139/T07-033},
  journal = {Canadian Geotechnical Journal},
  keywords = {Crack initiation,Modelling,Rock fracture,Spalling,Tunnelling,Yield},
  number = {9}
}




@article{Liu1999,
  title = {Linking Stress-Dependent Effective Porosity and Hydraulic Conductivity Fields to {{RMR}}},
  author = {Liu, J. and Elsworth, D. and Brady, B. H.},
  year = {1999},
  month = jul,
  volume = {36},
  pages = {581--596},
  issn = {1365-1609},
  doi = {10.1016/S0148-9062(99)00029-7},
  journal = {International Journal of Rock Mechanics and Mining Sciences},
  keywords = {Fractured media,Permeability,Porosity,RMR,RQD,Strains},
  language = {en},
  number = {5}
}



@article{Hajiabdolmajid2002,
  title = {Modelling Brittle Failure of Rock},
  author = {Hajiabdolmajid, V. and Kaiser, P. K. and Martin, C. D.},
  year = {2002},
  month = sep,
  volume = {39},
  pages = {731--741},
  issn = {1365-1609},
  doi = {10.1016/S1365-1609(02)00051-5},
  journal = {International Journal of Rock Mechanics and Mining Sciences},
  language = {en},
  number = {6}
}




@inproceedings{Pouya2011,
  title = {Modelling Effective Permeability of Fracture Networks in Permeable Rock Formation by Singular Integral Equations Method},
  booktitle = {6th {{International Conference}} on {{Computational}} and {{Experimental Methods}} in {{Multiphase}} and {{Complex Flow}}.},
  author = {Pouya, Ahmad and Vu, Minh-Ngoc and Seyedi, Darius},
  year = {2011},
  month = jun,
  pages = {287--298},
  address = {{Kos, Greece}},
  doi = {10.2495/MPF110241},
  keywords = {effective permeability,facture network,porous rock,steady-state flow}
}


@article{Renard1997,
  title = {Calculating Equivalent Permeability: A Review},
  shorttitle = {Calculating Equivalent Permeability},
  author = {Renard, Ph. and {de Marsily}, G.},
  year = {1997},
  month = oct,
  volume = {20},
  pages = {253--278},
  issn = {0309-1708},
  doi = {10.1016/S0309-1708(96)00050-4},
  journal = {Advances in Water Resources},
  keywords = {equivalent permeability,heterogeneous porous medium,monophasic flow,upscaling techniques},
  language = {en},
  number = {5}
}


@article{Blaheta2013,
  title = {Analysis of {{\"Asp\"o Pillar Stability Experiment}}: {{Continuous}} Thermo-Mechanical Model Development and Calibration},
  shorttitle = {Analysis of {{\"Asp\"o Pillar Stability Experiment}}},
  author = {Blaheta, R. and Byczanski, P. and {\v C}erm{\'a}k, M. and Hrtus, R. and Kohut, R. and Kolcun, A. and Mal{\'i}k, J. and Sysala, S.},
  year = {2013},
  month = apr,
  volume = {5},
  pages = {124--135},
  issn = {1674-7755},
  doi = {10.1016/j.jrmge.2012.10.002},
  journal = {Journal of Rock Mechanics and Geotechnical Engineering},
  keywords = {Continuous mechanics,Damage of granite rocks,Finite element method (FEM),In situ pillar stability experiment,Model calibration by back analysis},
  language = {en},
  number = {2}
}



@article{Shahbazi2020a,
  title = {A Review of Existing Methods Used to Evaluate the Hydraulic Conductivity of a Fractured Rock Mass},
  author = {Shahbazi, Alireza and Saeidi, Ali and Chesnaux, Romain},
  year = {2020},
  month = feb,
  volume = {265},
  pages = {105438},
  issn = {0013-7952},
  doi = {10.1016/j.enggeo.2019.105438},
  journal = {Engineering Geology},
  keywords = {Analytical model,Empirical method,Hydraulic conductivity,Numerical model,Permeability,Rock mass},
  language = {en}
}


@article{Rutqvist2009,
  title = {Modeling of Damage, Permeability Changes and Pressure Responses during Excavation of the {{TSX}} Tunnel in Granitic Rock at {{URL}}, {{Canada}}},
  author = {Rutqvist, Jonny and B{\"o}rgesson, Lennart and Chijimatsu, Masakazu and Hernelind, Jan and Jing, Lanru and Kobayashi, Akira and Nguyen, Son},
  year = {2009},
  month = may,
  volume = {57},
  pages = {1263--1274},
  issn = {1432-0495},
  doi = {10.1007/s00254-008-1515-6},
  journal = {Environmental Geology},
  language = {en},
  number = {6}
}


@article{Rutqvist2003,
  title = {The Role of Hydromechanical Coupling in Fractured Rock Engineering},
  author = {Rutqvist, Jonny and Stephansson, Ove},
  year = {2003},
  month = feb,
  volume = {11},
  pages = {7--40},
  issn = {1435-0157},
  doi = {10.1007/s10040-002-0241-5},
  journal = {Hydrogeology Journal},
  language = {en},
  number = {1}
}



@article{Barton1985,
  title = {Strength, Deformation and Conductivity Coupling of Rock Joints},
  author = {Barton, N. and Bandis, S. and Bakhtar, K.},
  year = {1985},
  month = jun,
  volume = {22},
  pages = {121--140},
  issn = {0148-9062},
  doi = {10.1016/0148-9062(85)93227-9},
  journal = {International Journal of Rock Mechanics and Mining Sciences \& Geomechanics Abstracts},
  language = {en},
  number = {3}
}




@article{Souley2001,
  title = {Damage-Induced Permeability Changes in Granite: A Case Example at the {{URL}} in {{Canada}}},
  shorttitle = {Damage-Induced Permeability Changes in Granite},
  author = {Souley, M. and Homand, F. and Pepa, S. and Hoxha, D.},
  year = {2001},
  month = feb,
  volume = {38},
  pages = {297--310},
  issn = {1365-1609},
  doi = {10.1016/S1365-1609(01)00002-8},
  journal = {International Journal of Rock Mechanics and Mining Sciences},
  language = {en},
  number = {2}
}
















@book{Genuchten1982,
  title = {Analytical {{Solutions}} of the {{One}}-Dimensional {{Convective}}-Dispersive {{Solute Transport Equation}}},
  author = {Genuchten, Martinus Theodorus Van},
  year = {1982},
  publisher = {{U.S. Department of Agriculture, Agricultural Research Service}},
  googlebooks = {LHps6Cz81OAC},
  language = {en}
}



@article{Kelsall1984,
  title = {Evaluation of Excavation-Induced Changes in Rock Permeability},
  author = {Kelsall, P. C. and Case, J. B. and Chabannes, C. R.},
  year = {1984},
  month = jun,
  volume = {21},
  pages = {123--135},
  issn = {0148-9062},
  doi = {10.1016/0148-9062(84)91530-4},
  journal = {International Journal of Rock Mechanics and Mining Sciences \& Geomechanics Abstracts},
  language = {en},
  number = {3}
}



@article{Perras2016,
  title = {Predicting Excavation Damage Zone Depths in Brittle Rocks},
  author = {Perras, Matthew A. and Diederichs, Mark S.},
  year = {2016},
  month = feb,
  volume = {8},
  pages = {60--74},
  issn = {1674-7755},
  doi = {10.1016/j.jrmge.2015.11.004},
  journal = {Journal of Rock Mechanics and Geotechnical Engineering},
  keywords = {Damage depth sensitivity,Damage initiation and spalling limit (DISL),Deep geological repository (DGR),Empirical depth prediction,Excavation damage zones (EDZs),Numerical depth prediction},
  number = {1}
}


@article{Aoyagi2018,
  title = {A {{Method}} for {{Estimating}} the {{Highest Potential Hydraulic Conductivity}} in the {{Excavation Damaged Zone}} in {{Mudstone}}},
  author = {Aoyagi, Kazuhei and Ishii, Eiichi},
  year = {2018},
  month = aug,
  issn = {1434-453X},
  doi = {10.1007/s00603-018-1577-z},
  journal = {Rock Mechanics and Rock Engineering},
  keywords = {Excavation damaged zone,Hydraulic conductivity,Mean Stress Index,Siliceous mudstone},
  language = {en}
}



@article{Lisjak2014,
  title = {Fracture Development around Deep Underground Excavations: {{Insights}} from {{FDEM}} Modelling},
  shorttitle = {Fracture Development around Deep Underground Excavations},
  author = {Lisjak, Andrea and Figi, Daniel and Grasselli, Giovanni},
  year = {2014},
  month = dec,
  volume = {6},
  pages = {493--505},
  issn = {16747755},
  doi = {10.1016/j.jrmge.2014.09.003},
  journal = {Journal of Rock Mechanics and Geotechnical Engineering},
  language = {en},
  number = {6}
}


@article{Armand2014,
  title = {Geometry and {{Properties}} of the {{Excavation}}-{{Induced Fractures}} at the {{Meuse}}/{{Haute}}-{{Marne URL Drifts}}},
  author = {Armand, G. and Leveau, F. and Nussbaum, C. and {de La Vaissiere}, R. and Noiret, A. and Jaeggi, D. and Landrein, P. and Righini, C.},
  year = {2014},
  month = jan,
  volume = {47},
  pages = {21--41},
  issn = {1434-453X},
  doi = {10.1007/s00603-012-0339-6},
  journal = {Rock Mechanics and Rock Engineering},
  language = {en},
  number = {1}
}



@article{Vavro2016,
  title = {{Shrnutí zahraničních poznatků o vzniku a vývoji EDZ v krystalických horninách - rešerše.}},
  volume = {SÚRAO TZ 50},
  language = {cz},
  institution = {{SÚRAO}},
  author = {Vavro, Martin},
  year = {2016}
}



@article{SURAO_184/2014,
  title = {{EDZ Bukov: Shrnutí výsledků geofyzikálních měření}},
  author = {{Pavel Bl{\'a}ha}},
  institution = {{SÚRAO}},
  language = {cz},
  volume = {SÚRAO TZ 184},
  year = {2014}
}



@article{SURAO_351/2019,
  title = {{Vznik a monitoring EDZ při výstavbě PVP Bukov,
  závěrečná zpráva.}},
  author = {Sta{\v s}, Lubom{\'i}r and Bl{\'a}ha, Pavel},
  pages = {109},
  language = {cs},
  institution = {{SÚRAO}},
  volume = {SÚRAO TZ 351},
  year = {2019}
}




@article{Morosini,
  title = {Hydraulic Testing of Borehole {{K03009F01}}},
  author = {Morosini, Mansueto},
  pages = {56},
  language = {en}
}




@article{Quach2018,
  title = {Rock {{Permeability Estimation}} from {{Hydraulic Injection Tests}} in a {{Sealed Borehole Interval}}},
  author = {Quach, Nghiep Q. and Jo, Yeonguk and Chang, Chandong},
  year = {2018},
  month = mar,
  volume = {28},
  pages = {1--9},
  doi = {10.9720/KSEG.2018.1.001},
  journal = {지질공학},
  language = {en},
  number = {1}
}







@article{Giles2015,
  title = {Multilevel {{Monte Carlo}} Methods},
  volume = {24},
  issn = {0962-4929, 1474-0508},
  doi = {10.1017/S096249291500001X},
  language = {en},
  journal = {Acta Numerica},
  author = {Giles, Michael B.},
  month = may,
  year = {2015},
  pages = {259-328},
}




@article{Byrd1995,
  title = {A Limited Memory Algorithm for Bound Constrained Optimization},
  volume = {16},
  issn = {1064-8275},
  doi = {10.1137/0916069},
  language = {English},
  journal = {SIAM Journal on Scientific Computing},
  author = {Byrd, Richard H. and Lu, Peihuang and Nocedal, Jorge and Zhu, Ciyou},
  month = sep,
  year = {1995},
  pages = {1190-1208}
}



@article{Storn1997,
  title = {Differential {{Evolution}} \textendash{} {{A Simple}} and {{Efficient Heuristic}} for Global {{Optimization}} over {{Continuous Spaces}}},
  volume = {11},
  issn = {1573-2916},
  doi = {10.1023/A:1008202821328},
  language = {en},
  number = {4},
  journal = {Journal of Global Optimization},
  author = {Storn, Rainer and Price, Kenneth},
  month = dec,
  year = {1997},
  keywords = {evolution strategy,genetic algorithm,global optimization,nonlinear optimization,Stochastic optimization},
  pages = {341-359}
}













@article{Giles2008,
  title = {Multilevel {{Monte Carlo Path Simulation}}},
  volume = {56},
  issn = {0030-364X, 1526-5463},
  doi = {10.1287/opre.1070.0496},
  language = {en},
  number = {3},
  journal = {Operations Research},
  author = {Giles, Michael B.},
  month = jun,
  year = {2008},
  pages = {607-617}
}


@book{Evans1998,
  title = {Partial {{Differential Equations}}},
  isbn = {978-0-8218-0772-9},
  language = {en},
  publisher = {{American Mathematical Society}},
  author = {Evans, Lawrence C.},
  year = {1998},
  keywords = {Mathematics / Differential Equations / General}
}




@article{Barth2011a,
  title = {Multi-Level {{Monte Carlo Finite Element}} Method for Elliptic {{PDEs}} with Stochastic Coefficients},
  volume = {119},
  issn = {0945-3245},
  doi = {10.1007/s00211-011-0377-0},
  language = {en},
  number = {1},
  journal = {Numerische Mathematik},
  author = {Barth, Andrea and Schwab, Christoph and Zollinger, Nathaniel},
  month = sep,
  year = {2011},
  keywords = {65N30},
  pages = {123-161}
}

@article{Cliffe2011a,
  title = {Multilevel {{Monte Carlo}} Methods and Applications to Elliptic {{PDEs}} with Random Coefficients},
  volume = {14},
  issn = {1433-0369},
  doi = {10.1007/s00791-011-0160-x},
  language = {en},
  number = {1},
  journal = {Computing and Visualization in Science},
  author = {Cliffe, K. A. and Giles, M. B. and Scheichl, R. and Teckentrup, A. L.},
  month = aug,
  year = {2011},
  keywords = {Monte Carlo,Multilevel,Stochastic PDE},
  pages = {3}
}


@article{Abdulle2013,
  title = {Multilevel {{Monte Carlo Methods}} for {{Stochastic Elliptic Multiscale PDEs}}},
  volume = {11},
  issn = {1540-3459},
  doi = {10.1137/120894725},
  number = {4},
  journal = {Multiscale Modeling \& Simulation},
  author = {Abdulle, A. and Barth, A. and Schwab, C.},
  month = jan,
  year = {2013},
  pages = {1033-1070}
}



@article{Barth2013,
  title = {Multilevel {{Monte Carlo}} Method for Parabolic Stochastic Partial Differential Equations},
  volume = {53},
  issn = {1572-9125},
  doi = {10.1007/s10543-012-0401-5},
  language = {en},
  number = {1},
  journal = {BIT Numerical Mathematics},
  author = {Barth, Andrea and Lang, Annika and Schwab, Christoph},
  month = mar,
  year = {2013},
  keywords = {41A25,60H15,60H35,65C05,65C30,65N30,Multilevel approximations,Multilevel Monte Carlo,Stochastic Finite Element Methods,Stochastic parabolic equation,Stochastic partial differential equations},
  pages = {3-27}
}




@article{Graham2015,
  title = {Quasi-{{Monte Carlo}} Finite Element Methods for Elliptic {{PDEs}} with Lognormal Random Coefficients},
  volume = {131},
  issn = {0945-3245},
  doi = {10.1007/s00211-014-0689-y},
  language = {en},
  number = {2},
  journal = {Numerische Mathematik},
  author = {Graham, I. G. and Kuo, F. Y. and Nichols, J. A. and Scheichl, R. and Schwab, Ch. and Sloan, I. H.},
  month = oct,
  year = {2015},
  keywords = {65N30,65D30,65D32},
  pages = {329-368}
}







@article{Barron1991,
  title = {Approximation of {{Density Functions}} by {{Sequences}} of {{Exponential Families}}},
  volume = {19},
  issn = {0090-5364, 2168-8966},
  doi = {10.1214/aos/1176348252},
  language = {EN},
  number = {3},
  journal = {The Annals of Statistics},
  author = {Barron, Andrew R. and Sheu, Chyong-Hwa},
  month = sep,
  year = {1991},
  keywords = {$L_2$ approximation,exponential families,Kullback-Leibler number,Log-density estimation,minimum relative entropy estimation},
  pages = {1347-1369}
}



@article{Bierig2016a,
  title = {Approximation of Probability Density Functions by the {{Multilevel Monte Carlo Maximum Entropy}} Method},
  volume = {314},
  issn = {0021-9991},
  doi = {10.1016/j.jcp.2016.03.027},
  journal = {Journal of Computational Physics},
  author = {Bierig, Claudio and Chernov, Alexey},
  month = jun,
  year = {2016},
  keywords = {Kullback–Leibler divergence,Maximum Entropy method,Moment matching,Multilevel Monte Carlo method,Statistical moments},
  pages = {661-681}
}



@article{Muller2013,
  title = {Multilevel {{Monte Carlo}} for Two Phase Flow and {{Buckley}}\textendash{{Leverett}} Transport in Random Heterogeneous Porous Media},
  volume = {250},
  issn = {0021-9991},
  doi = {10.1016/j.jcp.2013.03.023},
  journal = {Journal of Computational Physics},
  author = {M\"uller, Florian and Jenny, Patrick and Meyer, Daniel W.},
  month = oct,
  year = {2013},
  keywords = {Multilevel Monte Carlo,Random heterogeneous porous media,Streamline solver,Two phase flow,Two phase transport},
  pages = {685-702}
}



@article{Lu2016,
  title = {An Improved Multilevel {{Monte Carlo}} Method for Estimating Probability Distribution Functions in Stochastic Oil Reservoir Simulations},
  volume = {52},
  copyright = {\textcopyright{} 2016. American Geophysical Union. All Rights Reserved.},
  issn = {1944-7973},
  doi = {10.1002/2016WR019475},
  language = {en},
  number = {12},
  journal = {Water Resources Research},
  author = {Lu, Dan and Zhang, Guannan and Webster, Clayton and Barbier, Charlotte},
  month = dec,
  year = {2016},
  keywords = {computational efficiency,multilevel Monte Carlo method,oil reservoir simulation,uncertainty quantification},
  pages = {9642-9660}
}



@article{Hesse2014,
  title = {Generating Random Fields with a Truncated Power-Law Variogram: {{A}}~Comparison of Several Numerical Methods},
  volume = {55},
  issn = {1364-8152},
  shorttitle = {Generating Random Fields with a Truncated Power-Law Variogram},
  doi = {10.1016/j.envsoft.2014.01.013},
  journal = {Environmental Modelling \& Software},
  author = {He\ss{}e, Falk and Prykhodko, Vladyslav and Schl\"uter, Steffen and Attinger, Sabine},
  month = may,
  year = {2014},
  keywords = {Connectivity,Fractal fields,Hierarchical fields,Numerical methods,Random fields,Truncated power law,Variogram function},
  pages = {32-48}
}





@Misc{flow123d,
author =   {B{\v r}ezina, Jan and Stebel, Jan and Exner, Pavel and Hyb{\v s}, Jan},
title =    {Flow123d},
howpublished = {\url{http://flow123d.github.com}, repository: \url{http://github.com/flow123d/flow123d}},
year = {2011--2016}
}



@Misc{mlmclib,
author =   {B{\v r}ezina, Jan and Špetlík, Martin},
title =    {{MLMC Python library}},
howpublished = {\url{http://github.com/GeoMop/MLMC}},
year = {2019}
}


@incollection{brezina_analysis_2015,
        title = {Analysis of Model Error for a Continuum-Fracture Model of Porous Media Flow},
        isbn = {978-3-319-40360-1 978-3-319-40361-8},
        COMMENTurl = {http://link.springer.com/chapter/10.1007/978-3-319-40361-8_11},
        series = {Lecture Notes in Computer Science},
        pages = {152--160},
        number = {9611},
        booktitle = {High Performance Computing in Science and Engineering},
        publisher = {Springer International Publishing},
        author = {B{\v r}ezina, Jan and Stebel, Jan},
        COMMENTeditor = {Kozubek, Tomáš and Blaheta, Radim and Šístek, Jakub and Rozložník, Miroslav and Čermák, Martin},
        urldate = {2016-06-03},
        date = {2015-05-25},
        year = {2015},
        langid = {english},
        COMMENTnote = {{doi}: 10.1007/978-3-319-40361-8\_11},
        doi = {10.1007/978-3-319-40361-8\_11},
        keywords = {Artificial Intelligence (incl. Robotics), Complexity, Computational Mathematics and Numerical Analysis, Darcy flow, Error estimate, Fractured media, Mathematics of Computing, Reduced model, Software Engineering/Programming and Operating Systems}
}


@article{martin_modeling_2005,
        title = {Modeling Fractures and Barriers as Interfaces for Flow in Porous Media},
        volume = {26},
        issn = {10648275},
        COMMENTurl = {http://link.aip.org/link/SJOCE3/v26/i5/p1667/s1&Agg=doi},
        doi = {10.1137/S1064827503429363},
        pages = {1667--1691},
        number = {5},
        journal = {{SIAM} Journal on Scientific Computing},
        author = {Martin, Vincent and Jaffr{\' e}, J{\' e}r{\^ o}me and Roberts, Jean E.},
        urldate = {2012-04-18},
        year = {2005},
        file = {MARTIN, JAFFRE, ROBERTS (2005) MODELING FRACTURES AND BARRIERS AS INTERFACES FOR FLOW IN POROUS MEDIA.pdf:/home/jb/Knihovna/Papers - new/Physics/Fracture flow and transport/MARTIN, JAFFRE, ROBERTS (2005) MODELING FRACTURES AND BARRIERS AS INTERFACES FOR FLOW IN POROUS MEDIA.pdf:application/pdf}
}




@phdthesis{JeroenvanEldert2018,
  title = {Analysis of {{Excavation Damage}}, {{Rock Mass Characterisation}} and {{Rock Support Design}} Using {{Drilling Monitoring}}},
  author = {{Jeroen van Eldert}},
  year = {2018},
  address = {{Lulea Sweden}},
  language = {en},
  school = {Lulea University of Tehcnology}
}


@article{Lanyon2011,
  title = {Excavation {{Damaged Zones Assessment}}},
  author = {Lanyon, G W},
  year = {2011},
  pages = {111},
  language = {en}
}





@article{mikelic_wheeler,
  title={Convergence of iterative coupling for coupled flow and geomechanics},
  author={Mikeli{\'c}, Andro and Wheeler, Mary F.},
  journal={Computational Geosciences},
  volume={17},
  number={3},
  pages={455--461},
  year={2013},
  publisher={Springer}
}

@article{both_fixed_stress_split,
  title={Robust fixed stress splitting for {B}iot’s equations in heterogeneous media},
  author={Both, Jakub W. and Borregales, Manuel and Nordbotten, Jan M. and Kumar, Kundan and Radu, Florin A.},
  journal={Applied Mathematics Letters},
  volume={68},
  pages={101--108},
  year={2017},
  publisher={Elsevier}
}

