




@article{Giles2015,
  title = {Multilevel {{Monte Carlo}} Methods},
  volume = {24},
  issn = {0962-4929, 1474-0508},
  doi = {10.1017/S096249291500001X},
  language = {en},
  journal = {Acta Numerica},
  author = {Giles, Michael B.},
  month = may,
  year = {2015},
  pages = {259-328},
}




@article{Byrd1995,
  title = {A Limited Memory Algorithm for Bound Constrained Optimization},
  volume = {16},
  issn = {1064-8275},
  doi = {10.1137/0916069},
  language = {English},
  journal = {SIAM Journal on Scientific Computing},
  author = {Byrd, Richard H. and Lu, Peihuang and Nocedal, Jorge and Zhu, Ciyou},
  month = sep,
  year = {1995},
  pages = {1190-1208}
}



@article{Storn1997,
  title = {Differential {{Evolution}} \textendash{} {{A Simple}} and {{Efficient Heuristic}} for Global {{Optimization}} over {{Continuous Spaces}}},
  volume = {11},
  issn = {1573-2916},
  doi = {10.1023/A:1008202821328},
  language = {en},
  number = {4},
  journal = {Journal of Global Optimization},
  author = {Storn, Rainer and Price, Kenneth},
  month = dec,
  year = {1997},
  keywords = {evolution strategy,genetic algorithm,global optimization,nonlinear optimization,Stochastic optimization},
  pages = {341-359}
}













@article{Giles2008,
  title = {Multilevel {{Monte Carlo Path Simulation}}},
  volume = {56},
  issn = {0030-364X, 1526-5463},
  doi = {10.1287/opre.1070.0496},
  language = {en},
  number = {3},
  journal = {Operations Research},
  author = {Giles, Michael B.},
  month = jun,
  year = {2008},
  pages = {607-617}
}


@book{Evans1998,
  title = {Partial {{Differential Equations}}},
  isbn = {978-0-8218-0772-9},
  language = {en},
  publisher = {{American Mathematical Society}},
  author = {Evans, Lawrence C.},
  year = {1998},
  keywords = {Mathematics / Differential Equations / General}
}




@article{Barth2011a,
  title = {Multi-Level {{Monte Carlo Finite Element}} Method for Elliptic {{PDEs}} with Stochastic Coefficients},
  volume = {119},
  issn = {0945-3245},
  doi = {10.1007/s00211-011-0377-0},
  language = {en},
  number = {1},
  journal = {Numerische Mathematik},
  author = {Barth, Andrea and Schwab, Christoph and Zollinger, Nathaniel},
  month = sep,
  year = {2011},
  keywords = {65N30},
  pages = {123-161}
}

@article{Cliffe2011a,
  title = {Multilevel {{Monte Carlo}} Methods and Applications to Elliptic {{PDEs}} with Random Coefficients},
  volume = {14},
  issn = {1433-0369},
  doi = {10.1007/s00791-011-0160-x},
  language = {en},
  number = {1},
  journal = {Computing and Visualization in Science},
  author = {Cliffe, K. A. and Giles, M. B. and Scheichl, R. and Teckentrup, A. L.},
  month = aug,
  year = {2011},
  keywords = {Monte Carlo,Multilevel,Stochastic PDE},
  pages = {3}
}


@article{Abdulle2013,
  title = {Multilevel {{Monte Carlo Methods}} for {{Stochastic Elliptic Multiscale PDEs}}},
  volume = {11},
  issn = {1540-3459},
  doi = {10.1137/120894725},
  number = {4},
  journal = {Multiscale Modeling \& Simulation},
  author = {Abdulle, A. and Barth, A. and Schwab, C.},
  month = jan,
  year = {2013},
  pages = {1033-1070}
}



@article{Barth2013,
  title = {Multilevel {{Monte Carlo}} Method for Parabolic Stochastic Partial Differential Equations},
  volume = {53},
  issn = {1572-9125},
  doi = {10.1007/s10543-012-0401-5},
  language = {en},
  number = {1},
  journal = {BIT Numerical Mathematics},
  author = {Barth, Andrea and Lang, Annika and Schwab, Christoph},
  month = mar,
  year = {2013},
  keywords = {41A25,60H15,60H35,65C05,65C30,65N30,Multilevel approximations,Multilevel Monte Carlo,Stochastic Finite Element Methods,Stochastic parabolic equation,Stochastic partial differential equations},
  pages = {3-27}
}




@article{Graham2015,
  title = {Quasi-{{Monte Carlo}} Finite Element Methods for Elliptic {{PDEs}} with Lognormal Random Coefficients},
  volume = {131},
  issn = {0945-3245},
  doi = {10.1007/s00211-014-0689-y},
  language = {en},
  number = {2},
  journal = {Numerische Mathematik},
  author = {Graham, I. G. and Kuo, F. Y. and Nichols, J. A. and Scheichl, R. and Schwab, Ch. and Sloan, I. H.},
  month = oct,
  year = {2015},
  keywords = {65N30,65D30,65D32},
  pages = {329-368}
}







@article{Barron1991,
  title = {Approximation of {{Density Functions}} by {{Sequences}} of {{Exponential Families}}},
  volume = {19},
  issn = {0090-5364, 2168-8966},
  doi = {10.1214/aos/1176348252},
  language = {EN},
  number = {3},
  journal = {The Annals of Statistics},
  author = {Barron, Andrew R. and Sheu, Chyong-Hwa},
  month = sep,
  year = {1991},
  keywords = {$L_2$ approximation,exponential families,Kullback-Leibler number,Log-density estimation,minimum relative entropy estimation},
  pages = {1347-1369}
}



@article{Bierig2016a,
  title = {Approximation of Probability Density Functions by the {{Multilevel Monte Carlo Maximum Entropy}} Method},
  volume = {314},
  issn = {0021-9991},
  doi = {10.1016/j.jcp.2016.03.027},
  journal = {Journal of Computational Physics},
  author = {Bierig, Claudio and Chernov, Alexey},
  month = jun,
  year = {2016},
  keywords = {Kullback–Leibler divergence,Maximum Entropy method,Moment matching,Multilevel Monte Carlo method,Statistical moments},
  pages = {661-681}
}



@article{Muller2013,
  title = {Multilevel {{Monte Carlo}} for Two Phase Flow and {{Buckley}}\textendash{{Leverett}} Transport in Random Heterogeneous Porous Media},
  volume = {250},
  issn = {0021-9991},
  doi = {10.1016/j.jcp.2013.03.023},
  journal = {Journal of Computational Physics},
  author = {M\"uller, Florian and Jenny, Patrick and Meyer, Daniel W.},
  month = oct,
  year = {2013},
  keywords = {Multilevel Monte Carlo,Random heterogeneous porous media,Streamline solver,Two phase flow,Two phase transport},
  pages = {685-702}
}



@article{Lu2016,
  title = {An Improved Multilevel {{Monte Carlo}} Method for Estimating Probability Distribution Functions in Stochastic Oil Reservoir Simulations},
  volume = {52},
  copyright = {\textcopyright{} 2016. American Geophysical Union. All Rights Reserved.},
  issn = {1944-7973},
  doi = {10.1002/2016WR019475},
  language = {en},
  number = {12},
  journal = {Water Resources Research},
  author = {Lu, Dan and Zhang, Guannan and Webster, Clayton and Barbier, Charlotte},
  month = dec,
  year = {2016},
  keywords = {computational efficiency,multilevel Monte Carlo method,oil reservoir simulation,uncertainty quantification},
  pages = {9642-9660}
}



@article{Hesse2014,
  title = {Generating Random Fields with a Truncated Power-Law Variogram: {{A}}~Comparison of Several Numerical Methods},
  volume = {55},
  issn = {1364-8152},
  shorttitle = {Generating Random Fields with a Truncated Power-Law Variogram},
  doi = {10.1016/j.envsoft.2014.01.013},
  journal = {Environmental Modelling \& Software},
  author = {He\ss{}e, Falk and Prykhodko, Vladyslav and Schl\"uter, Steffen and Attinger, Sabine},
  month = may,
  year = {2014},
  keywords = {Connectivity,Fractal fields,Hierarchical fields,Numerical methods,Random fields,Truncated power law,Variogram function},
  pages = {32-48}
}





@Misc{flow123d__,
author =   {B{\v r}ezina, Jan and Stebel, Jan and Exner, Pavel and Hyb{\v s}, Jan},
title =    {Flow123d},
howpublished = {\url{http://flow123d.github.com}, repository: \url{http://github.com/flow123d/flow123d}},
year = {2011--2016}
}



@Misc{mlmclib,
author =   {B{\v r}ezina, Jan and Špetlík, Martin},
title =    {{MLMC Python library}},
howpublished = {\url{http://github.com/GeoMop/MLMC}},
year = {2019}
}


@incollection{brezina_analysis_2015,
        title = {Analysis of Model Error for a Continuum-Fracture Model of Porous Media Flow},
        isbn = {978-3-319-40360-1 978-3-319-40361-8},
        COMMENTurl = {http://link.springer.com/chapter/10.1007/978-3-319-40361-8_11},
        series = {Lecture Notes in Computer Science},
        pages = {152--160},
        number = {9611},
        booktitle = {High Performance Computing in Science and Engineering},
        publisher = {Springer International Publishing},
        author = {B{\v r}ezina, Jan and Stebel, Jan},
        COMMENTeditor = {Kozubek, Tomáš and Blaheta, Radim and Šístek, Jakub and Rozložník, Miroslav and Čermák, Martin},
        urldate = {2016-06-03},
        date = {2015-05-25},
        year = {2015},
        langid = {english},
        COMMENTnote = {{doi}: 10.1007/978-3-319-40361-8\_11},
        doi = {10.1007/978-3-319-40361-8\_11},
        keywords = {Artificial Intelligence (incl. Robotics), Complexity, Computational Mathematics and Numerical Analysis, Darcy flow, Error estimate, Fractured media, Mathematics of Computing, Reduced model, Software Engineering/Programming and Operating Systems}
}


@article{martin_modeling_2005,
        title = {Modeling Fractures and Barriers as Interfaces for Flow in Porous Media},
        volume = {26},
        issn = {10648275},
        COMMENTurl = {http://link.aip.org/link/SJOCE3/v26/i5/p1667/s1&Agg=doi},
        doi = {10.1137/S1064827503429363},
        pages = {1667--1691},
        number = {5},
        journal = {{SIAM} Journal on Scientific Computing},
        author = {Martin, Vincent and Jaffr{\' e}, J{\' e}r{\^ o}me and Roberts, Jean E.},
        urldate = {2012-04-18},
        year = {2005},
        file = {MARTIN, JAFFRE, ROBERTS (2005) MODELING FRACTURES AND BARRIERS AS INTERFACES FOR FLOW IN POROUS MEDIA.pdf:/home/jb/Knihovna/Papers - new/Physics/Fracture flow and transport/MARTIN, JAFFRE, ROBERTS (2005) MODELING FRACTURES AND BARRIERS AS INTERFACES FOR FLOW IN POROUS MEDIA.pdf:application/pdf}
}



@article{SURAO_50/2016,
  title = {{Shrnutí zahraničních poznatků o vzniku a vývoji EDZ v krystalických horninách - rešerše.}},
  volume = {SÚRAO TZ 50/2016},
  language = {cz},
  author = {Vavro, Martin}
}


@article{mikelic_wheeler,
  title={Convergence of iterative coupling for coupled flow and geomechanics},
  author={Mikeli{\'c}, Andro and Wheeler, Mary F.},
  journal={Computational Geosciences},
  volume={17},
  number={3},
  pages={455--461},
  year={2013},
  publisher={Springer}
}

@article{both_fixed_stress_split,
  title={Robust fixed stress splitting for {B}iot’s equations in heterogeneous media},
  author={Both, Jakub W. and Borregales, Manuel and Nordbotten, Jan M. and Kumar, Kundan and Radu, Florin A.},
  journal={Applied Mathematics Letters},
  volume={68},
  pages={101--108},
  year={2017},
  publisher={Elsevier}
}

@article{riha_hradek,
  title={Hydrogeologické modely horninového prostředí pro hlubinné úložiště; pasport detailního modelu – lokalita {H}rádek},
  author={Baier, J. and Královcová, J. and Uhlík, J. and Milický, M. and Gvoždík, L. and Chudoba, J. and Říha, J. and Rukavičková, L.},
  journal={Technická zpráva {SÚRAO} 341/2018},
  year={2018},
}

@article{flow_pdf_manual,
  title={{F}low123d, version 2.2.1 {U}ser {G}uide and {I}nput {R}eference, repository: https://flow.nti.tul.cz/packages/2.2.1\_release/flow123d\_2.2.1\_doc.pdf},
  author={Březina, Jan and Stebel, Jan and Flanderka, David and Exner, Pavel and Hybš, Jan},
  year={2018},
  publisher={Technical university of Liberec, Faculty of mechatronics, informatics
and interdisciplinary studies}
}


@article{Geuzaine2009b,
  title = {Gmsh: {{A}} 3-{{D}} Finite Element Mesh Generator with Built-in Pre- and Post-Processing Facilities},
  shorttitle = {Gmsh},
  author = {Geuzaine, Christophe and Remacle, Jean-Fran{\c c}ois},
  year = {2009},
  volume = {79},
  pages = {1309--1331},
  issn = {1097-0207},
  doi = {10.1002/nme.2579},
  annotation = {\_eprint: https://onlinelibrary.wiley.com/doi/pdf/10.1002/nme.2579},
  copyright = {Copyright \textcopyright{} 2009 John Wiley \& Sons, Ltd.},
  journal = {International Journal for Numerical Methods in Engineering},
  keywords = {computer-aided design,finite element method,mesh generation,open-source software,post-processing},
  language = {en},
  number = {11}
}

@unpublished{brezina_stebel_preprint,
  title={Mixed-dimensional  models  of  poroelasticity},
  author={Březina, Jan and Stebel, Jan},
  year={2020},
  note={\url{https://astra.nti.tul.cz/~jan.stebel/pub/biot_fracture.pdf}}
}


@article{min_2004,
	title = {Stress-dependent permeability of fractured rock masses: a numerical study},
	volume = {41},
	issn = {1365-1609},
	shorttitle = {Stress-dependent permeability of fractured rock masses},
	url = {http://www.sciencedirect.com/science/article/pii/S1365160904002473},
	doi = {10.1016/j.ijrmms.2004.05.005},
	number = {7},
	journal = {International Journal of Rock Mechanics and Mining Sciences},
	author = {Min, Ki-Bok and Rutqvist, J. and Tsang, Chin-Fu and Jing, Lanru},
	month = oct,
	year = {2004},
	pages = {1191--1210},
}
